@BOOK{Haberman,
	author = {Richard Haberman},
	title = {Applied Partial Differential Equations With Fourier Series and Boundary Value Problems},
	year = {2004},
	publisher = {Pearson Prentice Hall, China Machine Press}
}