@book{kaykin,
    author = {Simon haykin},
    title = {Neural Networks and Learning Machines},
    publisher = {Pearson Prentice Hall},
    year = {2008}
}